<record><leader>00000cas a22000007a 4500</leader><controlfield tag="001">12413059</controlfield><controlfield tag="008">850822d19311946njuwr ne      0    0eng d</controlfield><datafield ind1=" " ind2=" " tag="010"><subfield code="a">sn 85035864 </subfield></datafield><datafield ind1=" " ind2=" " tag="040"><subfield code="a">NPA</subfield><subfield code="b">eng</subfield><subfield code="c">NPA</subfield><subfield code="d">NJW</subfield><subfield code="d">OCLCQ</subfield></datafield><datafield ind1=" " ind2=" " tag="042"><subfield code="a">msc</subfield></datafield><datafield ind1="0" ind2="4" tag="245"><subfield code="a">The Rahway record.</subfield></datafield><datafield ind1=" " ind2=" " tag="260"><subfield code="a">Rahway, N.J. :</subfield><subfield code="b">Rahway Pub. Corp.,</subfield><subfield code="c">1931-1946.</subfield></datafield><datafield ind1=" " ind2=" " tag="300"><subfield code="a">v. :</subfield><subfield code="b">ill.</subfield></datafield><datafield ind1=" " ind2=" " tag="310"><subfield code="a">Weekly,</subfield><subfield code="b">May 3, 1938-Jan. 31, 1946</subfield></datafield><datafield ind1=" " ind2=" " tag="321"><subfield code="a">Semiweekly,</subfield><subfield code="b">Aug. 7, 1931-Apr. 29, 1938</subfield></datafield><datafield ind1="0" ind2=" " tag="362"><subfield code="a">Aug. 7, 1931-v. 124, no. 30 (Jan. 31, 1946).</subfield></datafield><datafield ind1=" " ind2=" " tag="515"><subfield code="a">Numbering irregular; beginning with the issue for Nov. 3, 1931, volume and number designations resumed with v. 109, no. 2297.</subfield></datafield><datafield ind1=" " ind2=" " tag="752"><subfield code="a">United States</subfield><subfield code="b">New Jersey</subfield><subfield code="c">Union</subfield><subfield code="d">Rahway.</subfield></datafield><datafield ind1="0" ind2="0" tag="780"><subfield code="t">Rahway daily record, and New Jersey advocate</subfield><subfield code="w">(DLC)sn 85036010</subfield><subfield code="w">(OCoLC)12413051</subfield></datafield><datafield ind1="0" ind2="7" tag="785"><subfield code="t">Rahway news</subfield></datafield><datafield ind1="0" ind2="7" tag="785"><subfield code="t">Rahway news-record</subfield><subfield code="w">(DLC)sn 85035865</subfield><subfield code="w">(OCoLC)12413085</subfield></datafield></record>